@misc{ wiki:avl,
   author = "Wikipedia",
   title = "AVL tree --- Wikipedia{,} The Free Encyclopedia",
   year = "2016",
   url = "https://en.wikipedia.org/w/index.php?title=AVL_tree&oldid=705821740",
   note = "[Online; accessed 11-April-2016]"
 }