@misc{avl-improvments,
  author = "Bernhard Haeupler and Siddhartha Sen and Robert E. Tarjan",
  title = "Rank-{B}alanced {T}rees",
  year = "2014",
  publisher = "ACM Transactions on Algorithms",
  url = "http://www.cs.princeton.edu/~sssix/papers/rb-trees-talg.pdf",
  note = "[Online; accessed 27-April-2016]"
}

@misc{avl-concurrent,
  author = "Nathan G. Bronson and Jared Casper and Hassan Chaf and Kunle Olukotun",
  title = "A {P}ractical {C}oncurrent {B}inary {S}earch {T}ree",
  year = "2009",
  publisher = "ACM",
  url = "http://arsenalfc.stanford.edu/papers/ppopp207-bronson.pdf",
  note = "[Online; accessed 27-April-2016]"
}

@misc{avl-runtime,
  author = "MIT",
  title = "6.006 {I}ntro to {A}lgorithms, {R}ecitation 04",
  year = "2011",
  url = "http://courses.csail.mit.edu/6.006/spring11/rec/rec04.pdf",
  note = "[Online; accessed 26-April-2016]"
}

@misc{tutorialspoint:avl,
  author = "TutorialsPoint",
  title = "{D}ata {S}tructure - {A}VL {T}rees",
  year = "2016",
  url = "http://www.tutorialspoint.com/data_structures_algorithms/avl_tree_algorithm.htm",
  note = "[Online; accessed 24-April-2016]"
 }

@misc{wiki:avl,
  author = "Wikipedia",
  title = "AVL tree --- Wikipedia{,} The Free Encyclopedia",
  year = "2016",
  url = "https://en.wikipedia.org/w/index.php?title=AVL_tree&oldid=705821740",
  note = "[Online; accessed 11-April-2016]"
 }
 
@misc{wiki:red-black,
  author = "Wikipedia",
  title = "Redâ€“black tree --- Wikipedia{,} The Free Encyclopedia",
  year = "2016",
  url = "https://en.wikipedia.org/w/index.php?title=Red%E2%80%93black_tree&oldid=715013495",
  note = "[Online; accessed 18-April-2016]"
}
 
@misc{wiki:tree-rotations,
  author = "Wikipedia",
  title = "Tree rotation --- Wikipedia{,} The Free Encyclopedia",
  year = "2015",
  url = "https://en.wikipedia.org/w/index.php?title=Tree_rotation&oldid=695528638",
  note = "[Online; accessed 25-April-2016]"
}